@misc{shoemake,
	author = {Ken Shoemake},
	title = {Quaternions},
	howpublished = "\url{www.cs.ucr.edu/~vbz/resources/quatut.pdf}"
	note = "Department of Computer and Information Science, University of Pennsylvania"
}

@misc{mandre,
	author = {Indrek Mandre},
	title = {Rigid body dynamics using Euler’s equations, Runge-Kutta and quaternions},
	howpublished = "\url{www.mare.ee/indrek/varphi/vardyn.pdf}"
}

@techreport{kleppmann2007simulation,
  title={Simulation of colliding constrained rigid bodies},
  author={Kleppmann, Martin},
  year={2007},
  institution={University of Cambridge, Computer Laboratory}
  chapter={Appendix B.1}
}

@article{rapaport1985molecular,
  title={Molecular dynamics simulation using quaternions},
  author={Rapaport, DC},
  journal={Journal of Computational Physics},
  volume={60},
  number={2},
  pages={306--314},
  year={1985},
  publisher={Elsevier}
}

@article{vaagberg2017shear,
  title={Shear banding, discontinuous shear thickening, and rheological phase transitions in athermally sheared frictionless disks},
  author={V{\aa}gberg, Daniel and Olsson, Peter and Teitel, S},
  journal={Physical Review E},
  volume={95},
  number={5},
  pages={052903},
  year={2017},
  publisher={APS}
}

@misc{wiki:ellipsoid,
   author = "Wikipedia",
   title = "Ellipsoid --- {W}ikipedia{,} The Free Encyclopedia",
   year = "2017",
   howpublished = "\url{https://en.wikipedia.org/wiki/Ellipsoid}",
   note = "[Online; accessed 12-May-2017]"
 }

 @article{lin2002distance,
  title={On the distance between two ellipsoids},
  author={Lin, Anhua and Han, Shih-Ping},
  journal={SIAM Journal on Optimization},
  volume={13},
  number={1},
  pages={298--308},
  year={2002},
  publisher={SIAM}


@article{perram1985statistical,
  title={Statistical mechanics of hard ellipsoids. I. Overlap algorithm and the contact function},
  author={Perram, John W and Wertheim, MS},
  journal={Journal of Computational Physics},
  volume={58},
  number={3},
  pages={409--416},
  year={1985},
  publisher={Elsevier}
}

@article{wang2001algebraic,
  title={An algebraic condition for the separation of two ellipsoids},
  author={Wang, Wenping and Wang, Jiaye and Kim, Myung-Soo},
  journal={Computer aided geometric design},
  volume={18},
  number={6},
  pages={531--539},
  year={2001},
  publisher={Elsevier}
}

@article{choi2009continuous,
  title={Continuous collision detection for ellipsoids},
  author={Choi, Yi-King and Chang, Jung-Woo and Wang, Wenping and Kim, Myung-Soo and Elber, Gershon},
  journal={IEEE Transactions on visualization and Computer Graphics},
  volume={15},
  number={2},
  pages={311--325},
  year={2009},
  publisher={IEEE}
}

@misc{wiki:sturm,
   author = "Wikipedia",
   title = "Sturm's theorem --- {W}ikipedia{,} The Free Encyclopedia",
   year = "2017",
   howpublished = "\url{https://en.wikipedia.org/wiki/Sturm%27s_theorem}",
   note = "[Online; accessed 13-May-2017]"
 }

@misc{wiki:lagrange,
   author = "Wikipedia",
   title = "Lagrange polynomial --- {W}ikipedia{,} The Free Encyclopedia",
   year = "2017",
   howpublished = "\url{https://en.wikipedia.org/wiki/Lagrange_polynomial}",
   note = "[Online; accessed 13-May-2017]"
 }

 @misc{viete,
    author = "Encyclopedia of Mathematics",
    title = "Viète theorem",
    year = "2012",
    howpublished = "\url{https://www.encyclopediaofmath.org/index.php/Viète_theorem}",
    note = "[Online; accessed 13-May-2017]"
 }

 @misc{wiki:spectral,
   author = "Wikipedia",
   title = "Spectral radius --- {W}ikipedia{,} The Free Encyclopedia",
   year = "2017",
   howpublished = "\url{https://en.wikipedia.org/wiki/Spectral_radius}",
   note = "[Online; accessed 13-May-2017]"
 }

 @article{donev2007underconstrained,
  title={Underconstrained jammed packings of nonspherical hard particles: Ellipses and ellipsoids},
  author={Donev, Aleksandar and Connelly, Robert and Stillinger, Frank H and Torquato, Salvatore},
  journal={Physical Review E},
  volume={75},
  number={5},
  pages={051304},
  year={2007},
  publisher={APS}
}

@article{eberly2002rotation,
  title={Rotation representations and performance issues},
  author={Eberly, David},
  journal={Magic Software, Inc., Chapel Hill, NC},
  year={2002}
}

 @misc{wiki:quaternions,
   author = "Wikipedia",
   title = "Quaternions and spatial rotation --- {W}ikipedia{,} The Free Encyclopedia",
   year = "2017",
   howpublished = "\url{https://en.wikipedia.org/wiki/Quaternions_and_spatial_rotation#Comparison_with_other_representations_of_rotations}",
   note = "[Online; accessed 24-May-2017]"
 }
 
 @inproceedings{shoemake1985animating,
  title={Animating rotation with quaternion curves},
  author={Shoemake, Ken},
  booktitle={ACM SIGGRAPH computer graphics},
  volume={19},
  number={3},
  pages={245--254},
  year={1985},
  organization={ACM}
}

@article{munjiza2009application,
  title={On the application of quaternion-based approaches in discrete element methods},
  author={Munjiza, Antonio and Johnson, Scott M and Williams, John R and Cook, Benjamin K},
  journal={Engineering Computations},
  volume={26},
  number={6},
  pages={610--620},
  year={2009},
  publisher={Emerald Group Publishing Limited}
}

@article{phillips2001review,
  title={Review of attitude representations used for aircraft kinematics},
  author={Phillips, WF and Hailey, CE and Gebert, GA},
  journal={Journal of aircraft},
  volume={38},
  number={4},
  pages={718--737},
  year={2001}
}

@article{bobick1998rotating,
  title={Rotating objects using quaternions},
  author={Bobick, Nick},
  journal={Game Developer},
  volume={2},
  number={26},
  pages={21--31},
  year={1998}
}

@article{harris2006curvature,
  title={Curvature of ellipsoids and other surfaces},
  author={Harris, WF},
  journal={Ophthalmic and Physiological Optics},
  volume={26},
  number={5},
  pages={497--501},
  year={2006},
  publisher={Wiley Online Library}
}

@misc{ellipse,
   author = "Weisstein, Eric W.",
   title = "Ellipse. {F}rom {M}ath{W}orld--{A} {W}olfram {W}eb {R}esource.",
   howpublished = "\url{http://mathworld.wolfram.com/Ellipse.html}",
   note = "[Online; accessed 30-May-2017]"
 }
 
 @phdthesis{donev,
    author = "Aleksandar Donev",
    title = "Jammed {P}ackings of {H}ard {P}articles",
    school = "Princeton University",
    year = "2006",
    month = "September",
    note = "\ur{http://cims.nyu.edu/~donev/Thesis.pdf}"
}

@misc{horner,
   author = "Weisstein, Eric W.",
   title = "Horner's {R}ule. {F}rom {M}ath{W}orld--{A} {W}olfram {W}eb {R}esource.",
   howpublished = "\url{http://mathworld.wolfram.com/HornersRule.html}",
   note = "[Online; accessed 12-June-2017]"
 }

@book{landau1972mechanics,
  title={Mechanics, Course of theoretical physics},
  author={Landau, LD and Lifshitz, EM},
  journal={Course of theoretical physics},
  volume={1},
  year={1976}
}

@article{de1999granular,
  title={Granular matter: a tentative view},
  author={de Gennes, Pierre-Gilles},
  journal={Reviews of modern physics},
  volume={71},
  number={2},
  pages={S374},
  year={1999},
  publisher={APS}
}

@article{PRE68.011306,
  title={Jamming at zero temperature and zero applied stress: The epitome of disorder},
  author={O’hern, Corey S and Silbert, Leonardo E and Liu, Andrea J and Nagel, Sidney R},
  journal={Physical Review E},
  volume={68},
  number={1},
  pages={011306},
  year={2003},
  publisher={APS}
}

@article{liu1998nonlinear,
  title={Nonlinear dynamics: Jamming is not just cool any more},
  author={Liu, Andrea J and Nagel, Sidney R},
  journal={Nature},
  volume={396},
  number={6706},
  pages={21--22},
  year={1998},
  publisher={Nature Publishing Group}
}

@article{kadanoff1999built,
  title={Built upon sand: Theoretical ideas inspired by granular flows},
  author={Kadanoff, Leo P},
  journal={Reviews of Modern Physics},
  volume={71},
  number={1},
  pages={435},
  year={1999},
  publisher={APS}
}

@article{PRE83.031307,
  title={Glassiness, rigidity, and jamming of frictionless soft core disks},
  author={V{\aa}gberg, Daniel and Olsson, Peter and Teitel, Stephen},
  journal={Physical Review E},
  volume={83},
  number={3},
  pages={031307},
  year={2011},
  publisher={APS}
}

@article{PRL99.178001,
  title={Critical scaling of shear viscosity at the jamming transition},
  author={Olsson, Peter and Teitel, Stephen},
  journal={Physical review letters},
  volume={99},
  number={17},
  pages={178001},
  year={2007},
  publisher={APS}
}

@book{plischke1994equilibrium,
  title={Equilibrium statistical physics},
  author={Plischke, Michael and Bergersen, Birger},
  year={1994},
  publisher={World Scientific Publishing Co Inc}
}

@article{PRE83.030302,
  title={Critical scaling of shearing rheology at the jamming transition of soft-core frictionless disks},
  author={Olsson, Peter and Teitel, S},
  journal={Physical Review E},
  volume={83},
  number={3},
  pages={030302},
  year={2011},
  publisher={APS}
}

@article{PRE83.030303,
  title={Finite-size scaling at the jamming transition: Corrections to scaling and the correlation-length critical exponent},
  author={V{\aa}gberg, Daniel and Valdez-Balderas, Daniel and Moore, MA and Olsson, Peter and Teitel, Stephen},
  journal={Physical Review E},
  volume={83},
  number={3},
  pages={030303},
  year={2011},
  publisher={APS}
}

@article{durian1997bubble,
  title={Bubble-scale model of foam mechanics: mMelting, nonlinear behavior, and avalanches},
  author={Durian, DJ},
  journal={Physical Review E},
  volume={55},
  number={2},
  pages={1739},
  year={1997},
  publisher={APS}
}

@article{durian1995foam,
  title={Foam mechanics at the bubble scale},
  author={Durian, DJ},
  journal={Physical review letters},
  volume={75},
  number={26},
  pages={4780},
  year={1995},
  publisher={APS}
}

@article{PRL104.165701,
  title={Jamming transitions in amorphous packings of frictionless spheres occur over a continuous range of volume fractions},
  author={Chaudhuri, Pinaki and Berthier, Ludovic and Sastry, Srikanth},
  journal={Physical review letters},
  volume={104},
  number={16},
  pages={165701},
  year={2010},
  publisher={APS}
}

@article{torquato2001multiplicity,
  title={Multiplicity of generation, selection, and classification procedures for jammed hard-particle packings},
  author={Torquato, Salvatore and Stillinger, Frank H},
  journal={The Journal of Physical Chemistry B},
  volume={105},
  number={47},
  pages={11849--11853},
  year={2001},
  publisher={ACS Publications}
}

@article{vanel1999memories,
  title={Memories in sand: Experimental tests of construction history on stress distributions under sandpiles},
  author={Vanel, Loic and Howell, Daniel and Clark, D and Behringer, RP and Cl{\'e}ment, Eric},
  journal={Physical Review E},
  volume={60},
  number={5},
  pages={R5040},
  year={1999},
  publisher={APS}
}

@article{toiya2004transient,
  title={Transient and oscillatory granular shear flow},
  author={Toiya, Masahiro and Stambaugh, Justin and Losert, Wolfgang},
  journal={Physical review letters},
  volume={93},
  number={8},
  pages={088001},
  year={2004},
  publisher={APS}
}

@misc{youtube1,
    title = {How granular materials jam in a hopper (processed) -- {Y}ou{T}ube},
    date = {2009},
    organization = {Duke Physics},
    author = {Junyao Tang and R.P. Behringer},
    howpublished = "\url{https://www.youtube.com/watch?v=lWSJwZhqoQw}",
    note = "[Online; accessed 29-June-2017]"
}

@misc{youtube2,
    title = {Ellptical particles flowing in a hopper -- {Y}ou{T}ube},
    date = {2013},
    organization = {Duke Physics},
    author = {Junyao Tang},
    howpublished = "\url{https://www.youtube.com/watch?v=p3lwWfF2dTI}",
    note = "[Online; accessed 29-June-2017]"
}

@article{to2001jamming,
  title={Jamming of granular flow in a two-dimensional hopper},
  author={To, Kiwing and Lai, Pik-Yin and Pak, HK},
  journal={Physical review letters},
  volume={86},
  number={1},
  pages={71},
  year={2001},
  publisher={APS}
}

@article{eisenblatter1998jamming,
  title={Jamming transition in a cellular automaton model for traffic flow},
  author={Eisenbl{\"a}tter, B and Santen, L and Schadschneider, A and Schreckenberg, M},
  journal={Physical Review E},
  volume={57},
  number={2},
  pages={1309},
  year={1998},
  publisher={APS}
}

@article{brown2010universal,
  title={Universal robotic gripper based on the jamming of granular material},
  author={Brown, Eric and Rodenberg, Nicholas and Amend, John and Mozeika, Annan and Steltz, Erik and Zakin, Mitchell R and Lipson, Hod and Jaeger, Heinrich M},
  journal={Proceedings of the National Academy of Sciences},
  volume={107},
  number={44},
  pages={18809--18814},
  year={2010},
  publisher={National Acad Sciences}
}

@misc{youtube3,
    title = {Universal robotic gripper based on the jamming of granular material
playing at original volume. -- {Y}ou{T}ube},
    date = {2010},
    organization = {Creative Machines Lab, Columbia University},
    author = {Cornell CCSL},
    howpublished = "\url{https://www.youtube.com/watch?v=bFW7VQpY-Ik}",
    note = "[Online; accessed 29-June-2017]"
}

@article{PRL113.148002,
  title={Universality of jamming criticality in overdamped shear-driven frictionless disks},
  author={V{\aa}gberg, Daniel and Olsson, Peter and Teitel, S},
  journal={Physical review letters},
  volume={113},
  number={14},
  pages={148002},
  year={2014},
  publisher={APS}
}

@article{tighe2010model,
  title={Model for the scaling of stresses and fluctuations in flows near jamming},
  author={Tighe, Brian P and Woldhuis, Erik and Remmers, Joris JC and van Saarloos, Wim and van Hecke, Martin},
  journal={Physical review letters},
  volume={105},
  number={8},
  pages={088303},
  year={2010},
  publisher={APS}
}

@book{morriss2013statistical,
  title={Statistical Mechanics of Nonequilbrium Liquids},
  author={Morriss, Gary P and Evans, Denis J},
  year={2013},
  publisher={ANU Press}
}

@article{PRE91.062209,
  title={Relaxation times and rheology in dense athermal suspensions},
  author={Olsson, Peter},
  journal={Physical Review E},
  volume={91},
  number={6},
  pages={062209},
  year={2015},
  publisher={APS}
}

@article{PRL109.108001,
  title={Herschel-Bulkley shearing rheology near the athermal jamming transition},
  author={Olsson, Peter and Teitel, S},
  journal={Physical review letters},
  volume={109},
  number={10},
  pages={108001},
  year={2012},
  publisher={APS}
}

@article{torquato2000random,
  title={Is random close packing of spheres well defined?},
  author={Torquato, Salvatore and Truskett, Thomas M and Debenedetti, Pablo G},
  journal={Physical review letters},
  volume={84},
  number={10},
  pages={2064},
  year={2000},
  publisher={APS}
}

@article{lees1972computer,
  title={The computer study of transport processes under extreme conditions},
  author={Lees, AW and Edwards, SF},
  journal={Journal of Physics C: Solid State Physics},
  volume={5},
  number={15},
  pages={1921},
  year={1972},
  publisher={IOP Publishing}
}

@article{alexander1998amorphous,
  title={Amorphous solids: their structure, lattice dynamics and elasticity},
  author={Alexander, Shlomo},
  journal={Physics reports},
  volume={296},
  number={2-4},
  pages={65--236},
  year={1998},
  publisher={Elsevier}
}

@article{PRL88.075507,
  title={Random packings of frictionless particles},
  author={O'Hern, Corey S and Langer, Stephen A and Liu, Andrea J and Nagel, Sidney R},
  journal={Physical Review Letters},
  volume={88},
  number={7},
  pages={075507},
  year={2002},
  publisher={APS}
}

@article{PRE72.011301,
  title={Jamming transition in emulsions and granular materials},
  author={Zhang, HP and Makse, HA},
  journal={Physical Review E},
  volume={72},
  number={1},
  pages={011301},
  year={2005},
  publisher={APS}
}

@article{PRE61.6802,
  title={Geometric origin of mechanical properties of granular materials},
  author={Roux, Jean-No{\"e}l},
  journal={Physical Review E},
  volume={61},
  number={6},
  pages={6802},
  year={2000},
  publisher={APS}
}

@article{bagi2007concept,
  title={On the concept of jammed configurations from a structural mechanics perspective},
  author={Bagi, Katalin},
  journal={Granular Matter},
  volume={9},
  number={1},
  pages={109--134},
  year={2007},
  publisher={Springer}
}

@article{donev2004improving,
  title={Improving the density of jammed disordered packings using ellipsoids},
  author={Donev, Aleksandar and Cisse, Ibrahim and Sachs, David and Variano, Evan A and Stillinger, Frank H and Connelly, Robert and Torquato, Salvatore and Chaikin, Paul M},
  journal={Science},
  volume={303},
  number={5660},
  pages={990--993},
  year={2004},
  publisher={American Association for the Advancement of Science}
}

@article{williams2003random,
  title={Random packings of spheres and spherocylinders simulated by mechanical contraction},
  author={Williams, SR and Philipse, AP},
  journal={Physical Review E},
  volume={67},
  number={5},
  pages={051301},
  year={2003},
  publisher={APS}
}

@article{van2009jamming,
  title={Jamming of soft particles: geometry, mechanics, scaling and isostaticity},
  author={Van Hecke, M},
  journal={Journal of Physics: Condensed Matter},
  volume={22},
  number={3},
  pages={033101},
  year={2009},
  publisher={IOP Publishing}
}

@article{goldenfeld1992lectures,
  title={Lectures on phase transitions and the renormalization group},
  author={Goldenfeld, Nigel},
  year={1992},
  publisher={Addison-Wesley, Advanced Book Program, Reading}
}

@article{wilson1971renormalization,
  title={Renormalization group and critical phenomena. I. Renormalization group and the Kadanoff scaling picture},
  author={Wilson, Kenneth G},
  journal={Physical review B},
  volume={4},
  number={9},
  pages={3174},
  year={1971},
  publisher={APS}
}

@article{wilson1974renormalization,
  title={The renormalization group and the {$\epsilon$} expansion},
  author={Wilson, Kenneth G and Kogut, John},
  journal={Physics Reports},
  volume={12},
  number={2},
  pages={75--199},
  year={1974},
  publisher={Elsevier}
}

@misc{wiki:cusp,
   author = "Wikipedia",
   title = "Cusp (singularity) --- {W}ikipedia{,} The Free Encyclopedia",
   year = "2016",
   howpublished = "\url{https://en.wikipedia.org/wiki/Cusp_(singularity)}",
   note = "[Online; accessed 10-July-2017]"
 }
 
 @article{wilson1975renormalization,
  title={Renormalization group methods},
  author={Wilson, Kenneth G},
  journal={Advances in Mathematics},
  volume={16},
  number={2},
  pages={170--186},
  year={1975},
  publisher={Elsevier}
}

@article{marquardt1963algorithm,
  title={An algorithm for least-squares estimation of nonlinear parameters},
  author={Marquardt, Donald W},
  journal={Journal of the society for Industrial and Applied Mathematics},
  volume={11},
  number={2},
  pages={431--441},
  year={1963},
  publisher={SIAM}
}

@book{press2015numerical,
  title={Numerical recipes 3rd edition: The art of scientific computing},
  author={Press, William H},
  year={2007},
  publisher={Cambridge university press}
}

@book{press1996numerical,
  title={Numerical recipes in C},
  author={Press, William H and Teukolsky, Saul A and Vetterling, William T and Flannery, Brian P},
  volume={2},
  year={1996},
  publisher={Cambridge university press Cambridge}
}

@misc{youtube4,
    title = {Granular Materials -- {Y}ou{T}ube},
    date = {2012},
    organization = {National Science Foundation},
    author = {National Science Foundation},
    howpublished = "\url{https://www.youtube.com/watch?v=R7g6wdmYB78}",
    note = "[Online; accessed 13-July-2017]"
}

@article{donev2004unusually,
  title={Unusually dense crystal packings of ellipsoids},
  author={Donev, Aleksandar and Stillinger, Frank H and Chaikin, PM and Torquato, Salvatore},
  journal={Physical review letters},
  volume={92},
  number={25},
  pages={255506},
  year={2004},
  publisher={APS}
}

@article{d2001jamming,
  title={The jamming route to the glass state in weakly perturbed granular media},
  author={D'Anna, Gianfranco and Gr{\'e}maud, Gerard},
  journal={Nature},
  volume={413},
  number={6854},
  pages={407},
  year={2001},
  publisher={Nature Publishing Group}
}

@article{patrick2005slow,
  title={Slow relaxation and compaction of granular systems},
  author={Patrick, Richard and Nicodemi, Mario and Delannay, Renaud and Ribiere, Philippe and Bideau, Daniel},
  journal={Nature materials},
  volume={4},
  number={2},
  pages={121},
  year={2005},
  publisher={Nature Publishing Group}
}

@article{majmudar2007jamming,
  title={Jamming transition in granular systems},
  author={Majmudar, TS and Sperl, M and Luding, Stefan and Behringer, Robert P},
  journal={Physical review letters},
  volume={98},
  number={5},
  pages={058001},
  year={2007},
  publisher={APS}
}

@article{otsuki2011critical,
  title={Critical scaling near jamming transition for frictional granular particles},
  author={Otsuki, Michio and Hayakawa, Hisao},
  journal={Physical Review E},
  volume={83},
  number={5},
  pages={051301},
  year={2011},
  publisher={APS}
}

@article{PRL112.208303,
  title={Dissipation and Rheology of Sheared Soft-Core Frictionless Disks Below Jamming},
  author={V{\aa}gberg, Daniel and Olsson, Peter and Teitel, S},
  journal={Physical Review Letters},
  volume={112},
  number={20},
  pages={208303},
  year={2014},
  publisher={APS}
}